@techreport{Hohman2023,
  author    = {Hohman, R. and Bell, T. and Cavanaugh, K. and Contolini, G. and Elsmore, K. and FloresMiller, R. and Garza, C. and Hewerdine, W. and Iampietro, P. and Nickels, A. and Saccomanno, V. and Tezak, S.},
  title     = {Remote sensing tools for mapping and monitoring kelp forests along the {West Coast}},
  institution = {{U.S. Department of Commerce, National Oceanic and Atmospheric Administration, Office of National Marine Sanctuaries}},
  year      = {2023},
  series    = {National Marine Sanctuaries Conservation Series},
  number    = {ONMS-23-10},
  month     = {August}, % Assuming this based on other dates, adjust if known
}

@misc{Zuckerman2023,
  author    = {Zuckerman, Catherine},
  title     = {The vanishing kelp forest},
  howpublished = {\url{https://www.nature.org/en-us/magazine/magazine-articles/kelp-forest/}},
  year      = {2023},
  month     = {May},
  day       = {26},
  note      = {Accessed: [Insert Date You Accessed It]}, % Good practice for websites
  organization = {{The Nature Conservancy}},
}

@article{Saccomanno2022,
  author    = {Saccomanno, V. R. and Bell, T. and Pawlak, C. and Stanley, C. K. and Cavanaugh, K. C. and Hohman, R. and Klausmeyer, K. R. and Cavanaugh, K. and Nickels, A. and Hewerdine, W. and Garza, C. and Fleener, G. and Gleason, M.},
  title     = {Using unoccupied aerial vehicles to map and monitor changes in emergent kelp canopy after an ecological regime shift},
  journal   = {Remote Sensing in Ecology and Conservation},
  year      = {2022},
  volume    = {9},
  number    = {1},
  pages     = {62--75},
  doi       = {10.1002/rse2.295},
}

@techreport{MBC2017,
  author    = {{MBC Applied Environmental Sciences}},
  title     = {Status of the Kelp Beds in 2016: Ventura, Los Angeles, Orange, and San Diego Counties},
  institution = {{MBC Applied Environmental Sciences}},
  year      = {2017},
  month     = {August},
  day       = {14},
  address   = {Costa Mesa, California},
  note      = {Prepared for: Central Region Kelp Survey Consortium and Region Nine Kelp Survey Consortium},
}

@article{Bell2020, % Assuming 2020 from your text, but DOI links to a 2018 publication. I'll use 2018 based on DOI.
  author    = {Bell, T. W. and Cavanaugh, K. C. and Siegel, D. A.}, % Added missing authors based on DOI link
  title     = {Three decades of variability in {California's} giant kelp forests from the {Landsat} satellites},
  journal   = {Remote Sensing of Environment},
  year      = {2018}, % Corrected year based on DOI publication date
  volume    = {218}, % Added from DOI
  pages     = {26--38}, % Added from DOI
  doi       = {10.1016/j.rse.2018.06.039},
  note      = {Your text cited as Bell et al. (2020), but the DOI corresponds to a 2018 publication. Please verify which year is correct for your intended citation.}
}

@article{Rosenthal2018, % Using @article as arXiv preprints are often cited this way, or @misc
  author    = {Rosenthal, Isaiah S. and Byrnes, Jarrett E. K. and Cavanaugh, Kyle C. and Bell, Tom W. and Harder, Bree and Haupt, Andrew J. and Rassweiler, Andrew T. W. and PÃ©rez-Matus, Alejandro and Assis, Jorge and Swanson, Abby and Boyer, Alison and McMaster, Ashley and Trouille, Laura},
  title     = {{Floating Forests}: Quantitative Validation of Citizen Science Data Generated From Consensus Classifications ({Version 1})},
  journal   = {arXiv preprint arXiv:1801.08522},
  year      = {2018},
  eprint    = {1801.08522},
  archiveprefix = {arXiv},
  primaryclass = {cs.HC}, % Example, adjust if known
  doi       = {10.48550/ARXIV.1801.08522},
  url       = {https://arxiv.org/abs/1801.08522},
}

@misc{USGS_SLC,
  author    = {{U.S. Geological Survey}},
  title     = {Landsat Collection 2 Known Issues},
  howpublished = {\url{https://www.usgs.gov/landsat-missions/landsat-collection-2-known-issues}},
  year      = {}, % No specific year often, or a last updated date if available
  note      = {Accessed: [Insert Date You Accessed It]},
}